@Article{Wang:2001if,
     author    = "Wang, Xin-Nian and Guo, Xiao-feng",
     title     = "{Multiple parton scattering in nuclei: Parton energy
                  loss}",
     journal   = "Nucl. Phys.",
     volume    = "A696",
     year      = "2001",
     pages     = "788-832",
     eprint    = "hep-ph/0102230",
     archivePrefix = "arXiv",
     doi       = "10.1016/S0375-9474(01)01130-7",
     SLACcitation  = "%%CITATION = HEP-PH/0102230;%%"
}
@Article{Schenke:2009ik,
     author    = "Schenke, Bjorn and Gale, Charles and Qin, Guang-You",
     title     = "{The evolving distribution of hard partons traversing a hot
                  strongly interacting plasma}",
     year      = "2009",
     journal   = "arXiv:0901.3498",
     archivePrefix = "arXiv",
     primaryClass  =  "hep-ph",
     SLACcitation  = "%%CITATION = 0901.3498;%%"
}
@Article{Schenke:2008gg,
     author    = "Schenke, Bjoern and Strickland, Michael and Dumitru, Adrian
                  and Nara, Yasushi and Greiner, Carsten",
     title     = "{Transverse momentum diffusion and jet energy loss in non-
                  Abelian plasmas}",
     year      = "2008",
     eprint    = "arXiv:0810.1314",
     archivePrefix = "arXiv",
     primaryClass  =  "hep-ph",
     SLACcitation  = "%%CITATION = 0810.1314;%%"
}
@Article{Bjorken:1982tu,
     author    = "Bjorken, J. D.",
     title     = "{Energy Loss of Energetic Partons in Quark - Gluon Plasma:
                  Possible Extinction of High p(t) Jets in Hadron - Hadron
                  Collisions}",
     journal     = "FERMILAB-PUB-82-059-THY",
     year      ="1982"
}
@Article{Mustafa:2003vh,
     author    = "Mustafa, Munshi G. and Thoma, Markus H.",
     title     = "{Quenching of hadron spectra due to the collisional energy
                  loss of  partons in the quark gluon plasma}",
     journal   = "Acta Phys. Hung.",
     volume    = "A22",
     year      = "2005",
     pages     = "93-102",
     eprint    = "hep-ph/0311168",
     archivePrefix = "arXiv",
     SLACcitation  = "%%CITATION = HEP-PH/0311168;%%"
}
@Article{Mustafa:2004dr,
     author    = "Mustafa, Munshi G.",
     title     = "{Energy loss of charm quarks in the quark-gluon plasma:
                  Collisional vs  radiative}",
     journal   = "Phys. Rev.",
     volume    = "C72",
     year      = "2005",
     pages     = "014905",
     eprint    = "hep-ph/0412402",
     archivePrefix = "arXiv",
     doi       = "10.1103/PhysRevC.72.014905",
     SLACcitation  = "%%CITATION = HEP-PH/0412402;%%"
}
@Article{Adil:2006ei,
     author    = "Adil, A. and Gyulassy, M. and Horowitz, W. A. and Wicks, S.
                  ",
     title     = "{Collisional Energy Loss of Non Asymptotic Jets in a QGP}",
     journal   = "Phys. Rev.",
     volume    = "C75",
     year      = "2007",
     pages     = "044906",
     eprint    = "nucl-th/0606010",
     archivePrefix = "arXiv",
     doi       = "10.1103/PhysRevC.75.044906",
     SLACcitation  = "%%CITATION = NUCL-TH/0606010;%%"
}
@Article{Wicks:2007mk,
     author    = "Wicks, Simon and Gyulassy, Miklos",
     title     = "{Aspects of jet energy loss at RHIC and LHC}",
     journal   = "J. Phys.",
     volume    = "G34",
     year      = "2007",
     pages     = "S989-S993",
     eprint    = "nucl-th/0701088",
     archivePrefix = "arXiv",
     doi       = "10.1088/0954-3899/34/8/S141",
     SLACcitation  = "%%CITATION = NUCL-TH/0701088;%%"
}
@Article{Zakharov:1996fv,
     author    = "Zakharov, B. G.",
     title     = "{Fully quantum treatment of the Landau-Pomeranchuk-Migdal
                  effect in QED  and QCD}",
     journal   = "JETP Lett.",
     volume    = "63",
     year      = "1996",
     pages     = "952-957",
     eprint    = "hep-ph/9607440",
     archivePrefix = "arXiv",
     doi       = "10.1134/1.567126",
     SLACcitation  = "%%CITATION = HEP-PH/9607440;%%"
}
@Article{Zakharov:2007pj,
     author    = "Zakharov, B. G.",
     title     = "{Parton energy loss in an expanding quark-gluon plasma:
                  Radiative vs collisional}",
     journal   = "JETP Lett.",
     volume    = "86",
     year      = "2007",
     pages     = "444-450",
     eprint    = "0708.0816",
     archivePrefix = "arXiv",
     primaryClass  =  "hep-ph",
     doi       = "10.1134/S0021364007190034",
     SLACcitation  = "%%CITATION = 0708.0816;%%"
}

@Article{Zakharov:1996cm,
     author    = "Zakharov, B. G.",
     title     = "{Landau-Pomeranchuk-Migdal effect for finite-size
                  targets}",
     journal   = "Pisma Zh. Eksp. Teor. Fiz.",
     volume    = "64",
     year      = "1996",
     pages     = "737",
     eprint    = "hep-ph/9612431",
     archivePrefix = "arXiv",
     doi       = "10.1134/1.567248",
     SLACcitation  = "%%CITATION = HEP-PH/9612431;%%"
}
@Article{Zakharov:1997uu,
     author    = "Zakharov, B. G.",
     title     = "{Radiative energy loss of high energy quarks in finite-size
                  nuclear  matter and quark-gluon plasma}",
     journal   = "JETP Lett.",
     volume    = "65",
     year      = "1997",
     pages     = "615-620",
     eprint    = "hep-ph/9704255",
     archivePrefix = "arXiv",
     doi       = "10.1134/1.567389",
     SLACcitation  = "%%CITATION = HEP-PH/9704255;%%"
}
@Article{Zakharov:1998sv,
     author    = "Zakharov, B. G.",
     title     = "{Light-cone path integral approach to the Landau-
                  Pomeranchuk-Migdal  effect}",
     journal   = "Phys. Atom. Nucl.",
     volume    = "61",
     year      = "1998",
     pages     = "838-854",
     eprint    = "hep-ph/9807540",
     archivePrefix = "arXiv",
     SLACcitation  = "%%CITATION = HEP-PH/9807540;%%"
}
@Article{Zakharov:1999zk,
     author    = "Zakharov, B. G.",
     title     = "{Transverse spectra of radiation processes in medium}",
     journal   = "JETP Lett.",
     volume    = "70",
     year      = "1999",
     pages     = "176-182",
     eprint    = "hep-ph/9906536",
     archivePrefix = "arXiv",
     doi       = "10.1134/1.568149",
     SLACcitation  = "%%CITATION = HEP-PH/9906536;%%"
}
@Article{Schenke:2008pm,
     author    = "Schenke, Bjorn and Dumitru, Adrian and Nara, Yasushi and
                  Strickland, Michael",
     title     = "{QGP collective effects and jet transport}",
     year      = "2008",
     eprint    = "arXiv:0804.4557",
     archivePrefix = "arXiv",
     primaryClass  =  "hep-ph",
     SLACcitation  = "%%CITATION = 0804.4557;%%"
}
@Article{Zakharov:2000iz,
     author    = "Zakharov, B. G.",
     title     = "{On the energy loss of high energy quarks in a finite-size
                  quark gluon  plasma}",
     journal   = "JETP Lett.",
     volume    = "73",
     year      = "2001",
     pages     = "49-52",
     eprint    = "hep-ph/0012360",
     archivePrefix = "arXiv",
     doi       = "10.1134/1.1358417",
     SLACcitation  = "%%CITATION = HEP-PH/0012360;%%"
}
@Article{Umeda:2003,
     author    = "Umeda, T. and Omura, Y. and Tominaga, T. and Matsumoto, H.",
     title     = "A new charge conservation method in electromagnetic particle-in-cell simulations",
     journal   = "Comput. Phys. Comm.",
     volume    = "156",
     year      = "2003",
     pages     = "73",
}
@Article{Wang:2004kfa,
     author    = "Wang, Fuqiang",
 collaboration = "STAR",
     title     = "{Measurement of jet modification at RHIC}",
     journal   = "J. Phys.",
     volume    = "G30",
     year      = "2004",
     pages     = "S1299-S1304",
     eprint    = "nucl-ex/0404010",
     archivePrefix = "arXiv",
     doi       = "10.1088/0954-3899/30/8/113",
     SLACcitation  = "%%CITATION = NUCL-EX/0404010;%%"
}
@Article{Gribov:1984tu,
     author    = "Gribov, L. V. and Levin, E. M. and Ryskin, M. G.",
     title     = "{Semihard Processes in QCD}",
     journal   = "Phys. Rept.",
     volume    = "100",
     year      = "1983",
     pages     = "1-150",
     doi       = "10.1016/0370-1573(83)90022-4",
     SLACcitation  = "%%CITATION = PRPLC,100,1;%%"
}
@Article{Mueller:1985wy,
     author    = "Mueller, Alfred H. and Qiu, Jian-wei",
     title     = "{Gluon Recombination and Shadowing at Small Values of x}",
     journal   = "Nucl. Phys.",
     volume    = "B268",
     year      = "1986",
     pages     = "427",
     doi       = "10.1016/0550-3213(86)90164-1",
     SLACcitation  = "%%CITATION = NUPHA,B268,427;%%"
}
@Article{Blaizot:1987nc,
     author    = "Blaizot, J. P. and Mueller, Alfred H.",
     title     = "{The Early Stage of Ultrarelativistic Heavy Ion
                  Collisions}",
     journal   = "Nucl. Phys.",
     volume    = "B289",
     year      = "1987",
     pages     = "847",
     doi       = "10.1016/0550-3213(87)90408-1",
     SLACcitation  = "%%CITATION = NUPHA,B289,847;%%"
}

@Article{d'Enterria:2005cs,
     author    = "d'Enterria, David",
     title     = "{High p(T) leading hadron suppression in nuclear collisions
                  at s(NN)**(1/2) = 20-GeV - 200-GeV: Data versus parton
                  energy loss models}",
     journal   = "Eur. Phys. J.",
     volume    = "C43",
     year      = "2005",
     pages     = "295-302",
     eprint    = "nucl-ex/0504001",
     SLACcitation  = "%%CITATION = NUCL-EX/0504001;%%"
}
@Article{Busching:2005yy,
     author    = "Busching, H. and others",
 collaboration = "PHENIX",
     title     = "{Medium effects on high particle production measured with
                  the PHENIX experiment}",
     journal   = "Eur. Phys. J.",
     volume    = "C43",
     year      = "2005",
     pages     = "303-310",
     SLACcitation  = "%%CITATION = EPHJA,C43,303;%%"
}
@Article{Adams:2003kv,
     author    = "Adams, John and others",
 collaboration = "STAR",
     title     = "{Transverse momentum and collision energy dependence of
                  high p(T) hadron  suppression in Au + Au collisions at
                  ultrarelativistic energies}",
     journal   = "Phys. Rev. Lett.",
     volume    = "91",
     year      = "2003",
     pages     = "172302",
     eprint    = "nucl-ex/0305015",
     SLACcitation  = "%%CITATION = NUCL-EX/0305015;%%"
}
@Article{Adams:2004wz,
     author    = "Adams, John and others",
 collaboration = "STAR",
     title     = "{Azimuthal anisotropy and correlations at large transverse
                  momenta in p  + p and Au + Au collisions at s(NN)**(1/2) =
                  200-GeV}",
     journal   = "Phys. Rev. Lett.",
     volume    = "93",
     year      = "2004",
     pages     = "252301",
     eprint    = "nucl-ex/0407007",
     archivePrefix = "arXiv",
     doi       = "10.1103/PhysRevLett.93.252301",
     SLACcitation  = "%%CITATION = NUCL-EX/0407007;%%"
}
@Article{Adler:2005ig,
     author    = "Adler, Stephen Scott and others",
 collaboration = "PHENIX",
     title     = "{Centrality dependence of direct photon production in
                  s(NN)**(1/2) =  200-GeV Au + Au collisions}",
     journal   = "Phys. Rev. Lett.",
     volume    = "94",
     year      = "2005",
     pages     = "232301",
     eprint    = "nucl-ex/0503003",
     SLACcitation  = "%%CITATION = NUCL-EX/0503003;%%"
}
@Article{Arsene:2004fa,
     author    = "Arsene, I. and others",
 collaboration = "BRAHMS",
     title     = "Quark gluon plasma and color glass condensate at RHIC? The
                  perspective  from the BRAHMS experiment",
     journal   = "Nucl. Phys.",
     volume    = "A757",
     year      = "2005",
     pages     = "1-27",
     eprint    = "nucl-ex/0410020",
     SLACcitation  = "%%CITATION = NUCL-EX/0410020;%%"
}
@Article{Back:2004je,
     author    = "Back, B. B. and others",
     title     = "The PHOBOS perspective on discoveries at RHIC",
     journal   = "Nucl. Phys.",
     volume    = "A757",
     year      = "2005",
     pages     = "28-101",
     eprint    = "nucl-ex/0410022",
     SLACcitation  = "%%CITATION = NUCL-EX/0410022;%%"
}
@Article{Adams:2005dq,
     author    = "Adams, John and others",
     collaboration = "STAR",
     title     = "Experimental and theoretical challenges in the search for
                  the quark  gluon plasma: The STAR collaboration's critical
                  assessment of the  evidence from RHIC collisions",
     journal   = "Nucl. Phys.",
     volume    = "A757",
     year      = "2005",
     pages     = "102-183",
     eprint    = "nucl-ex/0501009",
     SLACcitation  = "%%CITATION = NUCL-EX/0501009;%%"
}
@Article{Adcox:2004mh,
     author    = "Adcox, K. and others",
 collaboration = "PHENIX",
     title     = "Formation of dense partonic matter in relativistic nucleus
                  nucleus  collisions at RHIC: Experimental evaluation by the
                  PHENIX  collaboration",
     journal   = "Nucl. Phys.",
     volume    = "A757",
     year      = "2005",
     pages     = "184-283",
     eprint    = "nucl-ex/0410003",
     SLACcitation  = "%%CITATION = NUCL-EX/0410003;%%"
}

@Article{Adams:2004pa,
     author    = "Adams, John and others",
 collaboration = "STAR",
     title     = "Minijet deformation and charge-independent angular
                  correlations on momentum subspace (eta, phi) in Au-Au
                  collisions at s(NN)**(1/2) = 130-GeV",
     journal   = "Phys. Rev.",
     volume    = "C73",
     year      = "2006",
     pages     = "064907",
     eprint    = "nucl-ex/0411003",
     SLACcitation  = "%%CITATION = NUCL-EX/0411003;%%"
}
@Article{Dumitru:2007rp,
     author    = "Dumitru, Adrian and Nara, Yasushi and Schenke, Bjorn and
                  Strickland, Michael",
     title     = "{Jet broadening in unstable non-Abelian plasmas}",
     journal   = "Phys. Rev.",
     volume    = "C78",
     year      = "2008",
     pages     = "024909",
     eprint    = "arXiv:0710.1223",
     archivePrefix = "arXiv",
     primaryClass  =  "hep-ph",
     doi       = "10.1103/PhysRevC.78.024909",
     SLACcitation  = "%%CITATION = 0710.1223;%%"
}
@Article{Fochler:2008ts,
     author    = "Fochler, Oliver and Xu, Zhe and Greiner, Carsten",
     title     = "{Towards a unified understanding of jet-quenching and
                  elliptic flow within perturbative QCD parton transport}",
     year      = "2008",
     eprint    = "arXiv:0806.1169",
     archivePrefix = "arXiv",
     primaryClass  =  "hep-ph",
     SLACcitation  = "%%CITATION = 0806.1169;%%"
}
@Article{Hwa:2008um,
     author    = "Hwa, Rudolph C. and Yang, C. B.",
     title     = "{Azimuthal Anisotropy: Ridges, Recombination and Breaking
                  of Quark Number Scaling}",
     year      = "2008",
     eprint    = "arXiv:0801.2183",
     archivePrefix = "arXiv",
     primaryClass  =  "nucl-th",
     SLACcitation  = "%%CITATION = 0801.2183;%%"
}
@Article{Wong:2008yh,
     author    = "Wong, Cheuk-Yin",
     title     = "{The Momentum Kick Model Description of the Near-Side Ridge
                  and Jet Quenching}",
     year      = "2008",
     eprint    = "arXiv:0806.2154",
     archivePrefix = "arXiv",
     primaryClass  =  "hep-ph",
     SLACcitation  = "%%CITATION = 0806.2154;%%"
}
@Article{Wong:2007mf,
     author    = "Wong, Cheuk-Yin",
     title     = "{Parton Momentum Distribution at the Moment of Jet-Parton
                  Collision}",
     year      = "2007",
     eprint    = "arXiv:0712.3282",
     archivePrefix = "arXiv",
     primaryClass  =  "hep-ph",
     SLACcitation  = "%%CITATION = 0712.3282;%%"
}
@Article{Mueller:2006up,
     author    = "Mueller, A. H. and Shoshi, A. I. and Wong, S. M. H.",
     title     = "On Kolmogorov wave turbulence in QCD",
     journal   = "Nucl. Phys.",
     volume    = "B760",
     year      = "2007",
     pages     = "145-165",
     eprint    = "hep-ph/0607136",
     SLACcitation  = "%%CITATION = HEP-PH/0607136;%%"
}
@Article{Arnold:2005qs,
     author    = "Arnold, Peter and Moore, Guy D.",
     title     = "The turbulent spectrum created by non-Abelian plasma
                  instabilities",
     journal   = "Phys. Rev.",
     volume    = "D73",
     year      = "2006",
     pages     = "025013",
     eprint    = "hep-ph/0509226",
     SLACcitation  = "%%CITATION = HEP-PH/0509226;%%"
}
@Article{Majumder:2007iu,
     author    = "Majumder, A.",
     title     = "A comparative study of jet-quenching schemes",
     journal   = "J. Phys.",
     volume    = "G34",
     year      = "2007",
     pages     = "S377-388",
     eprint    = "nucl-th/0702066",
     SLACcitation  = "%%CITATION = NUCL-TH/0702066;%%"
}
@Article{Bern:2002tk,
     author    = "Bern, Zvi and De Freitas, Abilio and Dixon, Lance J.",
     title     = "Two-loop helicity amplitudes for gluon gluon scattering in
                  QCD and  supersymmetric Yang-Mills theory",
     journal   = "JHEP",
     volume    = "03",
     year      = "2002",
     pages     = "018",
     eprint    = "hep-ph/0201161",
     SLACcitation  = "%%CITATION = HEP-PH/0201161;%%"
}
@Article{Combridge:1977dm,
     author    = "Combridge, B. L. and Kripfganz, J. and Ranft, J.",
     title     = "Hadron Production at Large Transverse Momentum and QCD",
     journal   = "Phys. Lett.",
     volume    = "B70",
     year      = "1977",
     pages     = "234",
     SLACcitation  = "%%CITATION = PHLTA,B70,234;%%"
}
@Article{Owens:1977sj,
     author    = "Owens, J. F. and Reya, E. and Gluck, M.",
     title     = "Detailed Quantum Chromodynamic Predictions for High p(T)
                  Processes",
     journal   = "Phys. Rev.",
     volume    = "D18",
     year      = "1978",
     pages     = "1501",
     SLACcitation  = "%%CITATION = PHRVA,D18,1501;%%"
}

@Book{GaleKapusta:1992,
     author    = "Kapusta, Joseph I. and Gale, Charles",
     title     = "Finite-Temperature Field Theory: Principles and Applications",
     publisher = "Cambridge University Press",
     year      = "2006"
}

@Article{Moore:1997sn,
     author    = "Moore, Guy D. and Hu, Chao-ran and Muller, Berndt",
     title     = "Chern-Simons number diffusion with hard thermal loops",
     journal   = "Phys. Rev.",
     volume    = "D58",
     year      = "1998",
     pages     = "045001",
     eprint    = "hep-ph/9710436",
     SLACcitation  = "%%CITATION = HEP-PH/9710436;%%"
}
@Article{Ambjorn:1990pu,
     author    = "Ambjorn, Jan and Askgaard, T. and Porter, H. and
                  Shaposhnikov, M. E.",
     title     = "Sphaleron transitions and baryon asymmetry: A Numerical
                  real time analysis",
     journal   = "Nucl. Phys.",
     volume    = "B353",
     year      = "1991",
     pages     = "346-378",
     SLACcitation  = "%%CITATION = NUPHA,B353,346;%%"
}
@Article{Heinz:1985qe,
     author    = "Heinz, Ulrich W.",
     title     = "QUARK - GLUON TRANSPORT THEORY. PART 2. COLOR RESPONSE AND
                  COLOR CORRELATIONS IN A QUARK - GLUON PLASMA",
     journal   = "Ann. Phys.",
     volume    = "168",
     year      = "1986",
     pages     = "148",
     SLACcitation  = "%%CITATION = APNYA,168,148;%%"
}
@Article{Wong:1970fu,
     author    = "Wong, S. K.",
     title     = "Field and particle equations for the classical Yang-Mills
                  field and particles with isotopic spin",
     journal   = "Nuovo Cim.",
     volume    = "A65S10",
     year      = "1970",
     pages     = "689-694",
     SLACcitation  = "%%CITATION = NUCIA,A65S10,689;%%"
}
@Article{Schenke:2006yp,
     author    = "Schenke, Bjorn and Strickland, Michael",
     title     = "Photon production from an anisotropic quark-gluon plasma",
     journal   = "Phys. Rev.",
     volume    = "D76",
     year      = "2007",
     pages     = "025023",
     eprint    = "hep-ph/0611332",
     SLACcitation  = "%%CITATION = HEP-PH/0611332;%%"
}
@Article{Krasnitz:2002ng,
     author    = "Krasnitz, Alex and Nara, Yasushi and Venugopalan, Raju",
     title     = "Elliptic flow of colored glass in high energy heavy ion
                  collisions",
     journal   = "Phys. Lett.",
     volume    = "B554",
     year      = "2003",
     pages     = "21-27",
     eprint    = "hep-ph/0204361",
     SLACcitation  = "%%CITATION = HEP-PH/0204361;%%"
}
@Article{Krasnitz:2003jw,
     author    = "Krasnitz, Alex and Nara, Yasushi and Venugopalan, Raju",
     title     = "Classical gluodynamics of high energy nuclear collisions:
                  An erratum  and an update",
     journal   = "Nucl. Phys.",
     volume    = "A727",
     year      = "2003",
     pages     = "427-436",
     eprint    = "hep-ph/0305112",
     SLACcitation  = "%%CITATION = HEP-PH/0305112;%%"
}
@Article{Krasnitz:2002mn,
     author    = "Krasnitz, Alex and Nara, Yasushi and Venugopalan, Raju",
     title     = "Gluon production in the color glass condensate model of
                  collisions of ultrarelativistic finite nuclei",
     journal   = "Nucl. Phys.",
     volume    = "A717",
     year      = "2003",
     pages     = "268-290",
     eprint    = "hep-ph/0209269",
     SLACcitation  = "%%CITATION = HEP-PH/0209269;%%"
}
@Article{Krasnitz:2001qu,
     author    = "Krasnitz, Alex and Nara, Yasushi and Venugopalan, Raju",
     title     = "Coherent gluon production in very high energy heavy ion
                  collisions",
     journal   = "Phys. Rev. Lett.",
     volume    = "87",
     year      = "2001",
     pages     = "192302",
     eprint    = "hep-ph/0108092",
     SLACcitation  = "%%CITATION = HEP-PH/0108092;%%"
}
@Article{Krasnitz:1999wc,
     author    = "Krasnitz, Alex and Venugopalan, Raju",
     title     = "The initial energy density of gluons produced in very high
                  energy  nuclear collisions",
     journal   = "Phys. Rev. Lett.",
     volume    = "84",
     year      = "2000",
     pages     = "4309-4312",
     eprint    = "hep-ph/9909203",
     SLACcitation  = "%%CITATION = HEP-PH/9909203;%%"
}
@Article{Krasnitz:1998ns,
     author    = "Krasnitz, Alex and Venugopalan, Raju",
     title     = "Non-perturbative computation of gluon mini-jet production
                  in nuclear  collisions at very high energies",
     journal   = "Nucl. Phys.",
     volume    = "B557",
     year      = "1999",
     pages     = "237",
     eprint    = "hep-ph/9809433",
     SLACcitation  = "%%CITATION = HEP-PH/9809433;%%"
}
@Article{Dumitru:2008wn,
     author    = "Dumitru, Adrian and Gelis, Francois and McLerran, Larry and
                  Venugopalan, Raju",
     title     = "{Glasma flux tubes and the near side ridge phenomenon at
                  RHIC}",
     year      = "2008",
     eprint    = "arXiv:0804.3858",
     archivePrefix = "arXiv",
     primaryClass  =  "hep-ph",
     SLACcitation  = "%%CITATION = 0804.3858;%%"
}

@Article{Kogut:1974ag,
     author    = "Kogut, John B. and Susskind, Leonard",
     title     = "Hamiltonian Formulation of Wilson's Lattice Gauge
                  Theories",
     journal   = "Phys. Rev.",
     volume    = "D11",
     year      = "1975",
     pages     = "395",
     SLACcitation  = "%%CITATION = PHRVA,D11,395;%%"
}
@Article{Wilson:1974sk,
     author    = "Wilson, Kenneth G.",
     title     = "CONFINEMENT OF QUARKS",
     journal   = "Phys. Rev.",
     volume    = "D10",
     year      = "1974",
     pages     = "2445-2459",
     SLACcitation  = "%%CITATION = PHRVA,D10,2445;%%"
}
@ARTICLE{Arnold:2001ms,
    author = {Arnold, Peter and Moore, Guy D. and Yaffe, Laurence G.},
    title = {Photon emission from quark gluon plasma: Complete leading order results},
    year = {2001},
    pages = {009},
    journal = {JHEP},
    volume = {12},
    eprint = {hep-ph/0111107},
    slaccitation = {%%CITATION = HEP-PH 0111107;%%}
}
@Article{Arnold:2002ja,
     author    = "Arnold, Peter and Moore, Guy D. and Yaffe, Laurence G.",
     title     = "{Photon and Gluon Emission in Relativistic Plasmas}",
     journal   = "JHEP",
     volume    = "06",
     year      = "2002",
     pages     = "030",
     eprint    = "hep-ph/0204343",
     archivePrefix = "arXiv",
     SLACcitation  = "%%CITATION = HEP-PH/0204343;%%"
}
@Article{Qin:2007zz,
     author    = "Qin, Guang-You and others",
     title     = "{Radiative jet energy loss in a three-dimensional
                  hydrodynamical medium and high pT azimuthal asymmetry of
                  pi0 suppression at mid and forward rapidity in Au+Au
                  collisions at sNN=200 GeV}",
     journal   = "Phys. Rev.",
     volume    = "C76",
     year      = "2007",
     pages     = "064907",
     eprint    = "arXiv:0705.2575",
     archivePrefix = "arXiv",
     primaryClass  =  "hep-ph",
     doi       = "10.1103/PhysRevC.76.064907",
     SLACcitation  = "%%CITATION = 0705.2575;%%"
}


@ARTICLE{Arnold:2001ba,
    author = {Arnold, Peter and Moore, Guy D. and Yaffe, Laurence G.},
    title = {Photon emission from ultrarelativistic plasmas},
    year = {2001},
    pages = {057},
    journal = {JHEP},
    volume = {11},
    eprint = {hep-ph/0109064},
    slaccitation = {%%CITATION = HEP-PH 0109064;%%}
}

@ARTICLE{Aurenche:1999tq,
    author = {Aurenche, P. and Gelis, F. and Zaraket, H.},
    title = {KLN theorem, magnetic mass, and thermal photon production},
    year = {2000},
    pages = {116001},
    journal = {Phys. Rev.},
    volume = {D61},
    eprint = {hep-ph/9911367},
    slaccitation = {%%CITATION = HEP-PH 9911367;%%}
}
@ARTICLE{Aurenche:1998nw,
    author = {Aurenche, P. and Gelis, F. and Kobes, R. and Zaraket, H.},
    title = {Bremsstrahlung and photon production in thermal {QCD}},
    year = {1998},
    pages = {085003},
    journal = {Phys. Rev.},
    volume = {D58},
    eprint = {hep-ph/9804224},
    slaccitation = {%%CITATION = HEP-PH 9804224;%%}
}

@Article{Majumder:2006wi,
     author    = "Majumder, A. and Muller, Berndt and Bass, Steffen A.",
     title     = "Longitudinal Broadening of Quenched Jets in Turbulent Color
                  Fields",
     journal   = "Phys. Rev. Lett.",
     volume    = "99",
     year      = "2007",
     pages     = "042301",
     eprint    = "hep-ph/0611135",
     SLACcitation  = "%%CITATION = HEP-PH/0611135;%%"
}
@Article{Jacobs:2005pk,
     author    = "Jacobs, Peter",
     title     = "Jets in nuclear collisions: Status and perspective",
     journal   = "Eur. Phys. J.",
     volume    = "C43",
     year      = "2005",
     pages     = "467-473",
     eprint    = "nucl-ex/0503022",
     SLACcitation  = "%%CITATION = NUCL-EX/0503022;%%"
}

@Article{Baier:1991em,
     author    = "Baier, R. and Nakkagawa, H. and Niegawa, A. and Redlich, K.
                  ",
     title     = "Production rate of hard thermal photons and screening of
                  quark mass singularity",
     journal   = "Z. Phys.",
     volume    = "C53",
     year      = "1992",
     pages     = "433-438",
     SLACcitation  = "%%CITATION = ZEPYA,C53,433;%%"
}
@Article{Baier:1997xc,
     author    = "Baier, R. and Dirks, M. and Redlich, K. and Schiff, D.",
     title     = "Thermal photon production rate from non-equilibrium quantum
                  field  theory",
     journal   = "Phys. Rev.",
     volume    = "D56",
     year      = "1997",
     pages     = "2548-2554",
     eprint    = "hep-ph/9704262",
     SLACcitation  = "%%CITATION = HEP-PH 9704262;%%"
}
@Article{Calzetta:1986cq,
     author    = "Calzetta, E. and Hu, B. L.",
     title     = "NONEQUILIBRIUM QUANTUM FIELDS: CLOSED TIME PATH EFFECTIVE
                  ACTION, WIGNER FUNCTION AND BOLTZMANN EQUATION",
     journal   = "Phys. Rev.",
     volume    = "D37",
     year      = "1988",
     pages     = "2878",
     SLACcitation  = "%%CITATION = PHRVA,D37,2878;%%"
}
@Article{Romatschke:2003ms,
     author    = "Romatschke, Paul and Strickland, Michael",
     title     = "Collective modes of an anisotropic quark gluon plasma",
     journal   = "Phys. Rev.",
     volume    = "D68",
     year      = "2003",
     pages     = "036004",
     eprint    = "hep-ph/0304092",
     SLACcitation  = "%%CITATION = HEP-PH 0304092;%%"
}
@Article{Romatschke:2003yc,
     author    = "Romatschke, Paul",
     title     = "Quasiparticle description of the hot and dense quark gluon
                  plasma",
     year      = "2003",
     eprint    = "hep-ph/0312152",
     SLACcitation  = "%%CITATION = HEP-PH 0312152;%%"
}
@Article{Xu:2004mz,
     author    = "Xu, Zhe and Greiner, Carsten",
     title     = "Thermalization of gluons in ultrarelativistic heavy ion
                  collisions by  including three-body interactions in a
                  parton cascade",
     journal   = "Phys. Rev.",
     volume    = "C71",
     year      = "2005",
     pages     = "064901",
     eprint    = "hep-ph/0406278",
     SLACcitation  = "%%CITATION = HEP-PH 0406278;%%"
}


@Article{Xu:2007aa,
     author    = "Xu, Zhe and Greiner, Carsten",
     title     = "{Transport rates and momentum isotropization of gluon
                  matter in ultrarelativistic heavy-ion collisions}",
     journal   = "Phys. Rev.",
     volume    = "C76",
     year      = "2007",
     pages     = "024911",
     eprint    = "hep-ph/0703233",
     archivePrefix = "arXiv",
     doi       = "10.1103/PhysRevC.76.024911",
     SLACcitation  = "%%CITATION = HEP-PH/0703233;%%"
}


@Article{Xu:2007jv,
     author    = "Xu, Zhe and Greiner, Carsten and Stocker, Horst",
     title     = "{PQCD calculations of elliptic flow and shear viscosity at
                  RHIC}",
     year      = "2007",
     eprint    = "arXiv:0711.0961",
     archivePrefix = "arXiv",
     primaryClass  =  "nucl-th",
     SLACcitation  = "%%CITATION = 0711.0961;%%"
}


@Article{Xu:2007ns,
     author    = "Xu, Zhe and Greiner, Carsten",
     title     = "{Shear viscosity in a gluon gas}",
     year      = "2007",
     eprint    = "arXiv:0710.5719",
     archivePrefix = "arXiv",
     primaryClass  =  "nucl-th",
     SLACcitation  = "%%CITATION = 0710.5719;%%"
}


@Article{El:2007vg,
     author    = "El, Andrej and Xu, Zhe and Greiner, Carsten",
     title     = "{Thermalization of a color glass condensate and review of
                  the 'Bottom-Up' scenario}",
     year      = "2007",
     eprint    = "arXiv:0712.3734",
     archivePrefix = "arXiv",
     primaryClass  =  "hep-ph",
     SLACcitation  = "%%CITATION = 0712.3734;%%"
}


@Article{Wicks:2005gt,
     author    = "Wicks, Simon and Horowitz, William and Djordjevic,
                  Magdalena and Gyulassy, Miklos",
     title     = "{Elastic, Inelastic, and Path Length Fluctuations in Jet
                  Tomography}",
     journal   = "Nucl. Phys.",
     volume    = "A784",
     year      = "2007",
     pages     = "426-442",
     eprint    = "nucl-th/0512076",
     archivePrefix = "arXiv",
     doi       = "10.1016/j.nuclphysa.2006.12.048",
     SLACcitation  = "%%CITATION = NUCL-TH/0512076;%%"
}


@Article{Molnar:2004yh,
     author    = "Molnar, Denes and Huovinen, Pasi",
     title     = "{Dissipation and elliptic flow at RHIC}",
     journal   = "Phys. Rev. Lett.",
     volume    = "94",
     year      = "2005",
     pages     = "012302",
     eprint    = "nucl-th/0404065",
     archivePrefix = "arXiv",
     doi       = "10.1103/PhysRevLett.94.012302",
     SLACcitation  = "%%CITATION = NUCL-TH/0404065;%%"
}


@Article{Molnar:2001ux,
     author    = "Molnar, Denes and Gyulassy, Miklos",
     title     = "{Saturation of elliptic flow at RHIC: Results from the
                  covariant elastic  parton cascade model MPC}",
     journal   = "Nucl. Phys.",
     volume    = "A697",
     year      = "2002",
     pages     = "495-520",
     eprint    = "nucl-th/0104073",
     archivePrefix = "arXiv",
     doi       = "10.1016/S0375-9474(01)01224-6",
     SLACcitation  = "%%CITATION = NUCL-TH/0104073;%%"
}



@Article{Ma:2006fm,
     author    = "Ma, G. L. and others",
     title     = "{Di-hadron azimuthal correlation and Mach-like cone
                  structure in parton  / hadron transport model}",
     journal   = "Phys. Lett.",
     volume    = "B641",
     year      = "2006",
     pages     = "362-367",
     eprint    = "nucl-th/0601012",
     archivePrefix = "arXiv",
     doi       = "10.1016/j.physletb.2006.09.001",
     SLACcitation  = "%%CITATION = NUCL-TH/0601012;%%"
}


@Article{Ma:2006rn,
     author    = "Ma, G. L. and others",
     title     = "{Three-particle correlations from strong partonic cascade
                  in the AMPT  model}",
     journal   = "Phys. Lett.",
     volume    = "B647",
     year      = "2007",
     pages     = "122-127",
     eprint    = "nucl-th/0608050",
     archivePrefix = "arXiv",
     doi       = "10.1016/j.physletb.2007.02.008",
     SLACcitation  = "%%CITATION = NUCL-TH/0608050;%%"
}


@Article{Zhang:1999bd,
     author    = "Zhang, Bin and Ko, C. M. and Li, Bao-An and Lin, Zi-wei",
     title     = "{A multi-phase transport model for nuclear collisions at
                  RHIC}",
     journal   = "Phys. Rev.",
     volume    = "C61",
     year      = "2000",
     pages     = "067901",
     eprint    = "nucl-th/9907017",
     archivePrefix = "arXiv",
     doi       = "10.1103/PhysRevC.61.067901",
     SLACcitation  = "%%CITATION = NUCL-TH/9907017;%%"
}



@Article{Qin:2007rn,
     author    = "Qin, Guang-You and others",
     title     = "{Radiative and Collisional Jet Energy Loss in the Quark-
                  Gluon Plasma at RHIC}",
     journal   = "Phys. Rev. Lett.",
     volume    = "100",
     year      = "2008",
     pages     = "072301",
     eprint    = "arXiv:0710.0605",
     archivePrefix = "arXiv",
     primaryClass  =  "hep-ph",
     doi       = "10.1103/PhysRevLett.100.072301",
     SLACcitation  = "%%CITATION = 0710.0605;%%"
}
@Article{d'Enterria:2006su,
     author    = "d'Enterria, David G.",
     title     = "{Quark-gluon matter}",
     journal   = "J. Phys.",
     volume    = "G34",
     year      = "2007",
     pages     = "S53-S82",
     eprint    = "nucl-ex/0611012",
     archivePrefix = "arXiv",
     doi       = "10.1088/0954-3899/34/7/S04",
     SLACcitation  = "%%CITATION = NUCL-EX/0611012;%%"
}


@Article{Adler:2002xw,
     author    = "Adler, C. and others",
 collaboration = "STAR",
     title     = "{Centrality dependence of high p(T) hadron suppression in
                  Au + Au collisions at s(NN)**(1/2) = 130-GeV}",
     journal   = "Phys. Rev. Lett.",
     volume    = "89",
     year      = "2002",
     pages     = "202301",
     eprint    = "nucl-ex/0206011",
     archivePrefix = "arXiv",
     doi       = "10.1103/PhysRevLett.89.202301",
     SLACcitation  = "%%CITATION = NUCL-EX/0206011;%%"
}


@Article{Adcox:2001jp,
     author    = "Adcox, K. and others",
 collaboration = "PHENIX",
     title     = "{Suppression of hadrons with large transverse momentum in
                  central  Au + Au collisions at s**(1/2)(N N) = 130-GeV}",
     journal   = "Phys. Rev. Lett.",
     volume    = "88",
     year      = "2002",
     pages     = "022301",
     eprint    = "nucl-ex/0109003",
     archivePrefix = "arXiv",
     doi       = "10.1103/PhysRevLett.88.022301",
     SLACcitation  = "%%CITATION = NUCL-EX/0109003;%%"
}


@Article{Adler:2003kt,
     author    = "Adler, Stephen Scott and others",
 collaboration = "PHENIX",
     title     = "{Elliptic flow of identified hadrons in Au + Au collisions
                  at  s(NN)**(1/2) = 200-GeV}",
     journal   = "Phys. Rev. Lett.",
     volume    = "91",
     year      = "2003",
     pages     = "182301",
     eprint    = "nucl-ex/0305013",
     archivePrefix = "arXiv",
     doi       = "10.1103/PhysRevLett.91.182301",
     SLACcitation  = "%%CITATION = NUCL-EX/0305013;%%"
}


@Article{Adams:2003am,
     author    = "Adams, John and others",
 collaboration = "STAR",
     title     = "{Particle dependence of azimuthal anisotropy and nuclear
                  modification of  particle production at moderate p(T) in Au
                  + Au collisions at  s(NN)**(1/2) = 200-GeV}",
     journal   = "Phys. Rev. Lett.",
     volume    = "92",
     year      = "2004",
     pages     = "052302",
     eprint    = "nucl-ex/0306007",
     archivePrefix = "arXiv",
     doi       = "10.1103/PhysRevLett.92.052302",
     SLACcitation  = "%%CITATION = NUCL-EX/0306007;%%"
}


@Article{Back:2004mh,
     author    = "Back, B. B. and others",
 collaboration = "PHOBOS",
     title     = "{Centrality and pseudorapidity dependence of elliptic flow
                  for charged  hadrons in Au + Au collisions at s(NN)**(1/2)
                  = 200-GeV}",
     journal   = "Phys. Rev.",
     volume    = "C72",
     year      = "2005",
     pages     = "051901",
     eprint    = "nucl-ex/0407012",
     archivePrefix = "arXiv",
     doi       = "10.1103/PhysRevC.72.051901",
     SLACcitation  = "%%CITATION = NUCL-EX/0407012;%%"
}



@Article{Shimomura:2005en,
     author    = "Shimomura, Maya",
 collaboration = "PHENIX",
     title     = "{High-p(T) pi0, eta, identified and inclusive charged
                  hadron spectra from PHENIX}",
     journal   = "Nucl. Phys.",
     volume    = "A774",
     year      = "2006",
     pages     = "457-460",
     eprint    = "nucl-ex/0510023",
     archivePrefix = "arXiv",
     doi       = "10.1016/j.nuclphysa.2006.06.064",
     SLACcitation  = "%%CITATION = NUCL-EX/0510023;%%"
}


@Article{Gyulassy:1993hr,
     author    = "Gyulassy, Miklos and Wang, Xin-nian",
     title     = "{Multiple collisions and induced gluon Bremsstrahlung in
                  QCD}",
     journal   = "Nucl. Phys.",
     volume    = "B420",
     year      = "1994",
     pages     = "583-614",
     eprint    = "nucl-th/9306003",
     archivePrefix = "arXiv",
     doi       = "10.1016/0550-3213(94)90079-5",
     SLACcitation  = "%%CITATION = NUCL-TH/9306003;%%"
}


@Article{Baier:1996sk,
     author    = "Baier, R. and Dokshitzer, Yuri L. and Mueller, Alfred H.
                  and Peigne, S. and Schiff, D.",
     title     = "{Radiative energy loss and p(T)-broadening of high energy
                  partons in  nuclei}",
     journal   = "Nucl. Phys.",
     volume    = "B484",
     year      = "1997",
     pages     = "265-282",
     eprint    = "hep-ph/9608322",
     archivePrefix = "arXiv",
     doi       = "10.1016/S0550-3213(96)00581-0",
     SLACcitation  = "%%CITATION = HEP-PH/9608322;%%"
}

@Article{Renk:2007id,
     author    = "Renk, Thorsten",
     title     = "{The Phenomenology of Elastic Energy Loss}",
     journal   = "Phys. Rev.",
     volume    = "C76",
     year      = "2007",
     pages     = "064905",
     eprint    = "arXiv:0708.4319",
     archivePrefix = "arXiv",
     primaryClass  =  "hep-ph",
     doi       = "10.1103/PhysRevC.76.064905",
     SLACcitation  = "%%CITATION = 0708.4319;%%"
}

@Article{Baier:1998yf,
     author    = "Baier, R. and Dokshitzer, Yuri L. and Mueller, Alfred H.
                  and Schiff, D.",
     title     = "{Radiative energy loss of high energy partons traversing an
                  expanding  {QCD} plasma}",
     journal   = "Phys. Rev.",
     volume    = "C58",
     year      = "1998",
     pages     = "1706-1713",
     eprint    = "hep-ph/9803473",
     archivePrefix = "arXiv",
     doi       = "10.1103/PhysRevC.58.1706",
     SLACcitation  = "%%CITATION = HEP-PH/9803473;%%"
}


@Article{Gyulassy:2000er,
     author    = "Gyulassy, M. and Levai, P. and Vitev, I.",
     title     = "{Reaction operator approach to non-Abelian energy loss}",
     journal   = "Nucl. Phys.",
     volume    = "B594",
     year      = "2001",
     pages     = "371-419",
     eprint    = "nucl-th/0006010",
     archivePrefix = "arXiv",
     doi       = "10.1016/S0550-3213(00)00652-0",
     SLACcitation  = "%%CITATION = NUCL-TH/0006010;%%"
}


@Article{Migdal:1956tc,
     author    = "Migdal, Arkady B.",
     title     = "{Bremsstrahlung and pair production in condensed media at
                  high-energies}",
     journal   = "Phys. Rev.",
     volume    = "103",
     year      = "1956",
     pages     = "1811-1820",
     doi       = "10.1103/PhysRev.103.1811",
     SLACcitation  = "%%CITATION = PHRVA,103,1811;%%"
}


@Article{Jeon:2003gi,
     author    = "Jeon, Sangyong and Moore, Guy D.",
     title     = "{Energy loss of leading partons in a thermal QCD medium}",
     journal   = "Phys. Rev.",
     volume    = "C71",
     year      = "2005",
     pages     = "034901",
     eprint    = "hep-ph/0309332",
     archivePrefix = "arXiv",
     doi       = "10.1103/PhysRevC.71.034901",
     SLACcitation  = "%%CITATION = HEP-PH/0309332;%%"
}


@Article{Salgado:2003gb,
     author    = "Salgado, Carlos A. and Wiedemann, Urs Achim",
     title     = "{Calculating quenching weights}",
     journal   = "Phys. Rev.",
     volume    = "D68",
     year      = "2003",
     pages     = "014008",
     eprint    = "hep-ph/0302184",
     archivePrefix = "arXiv",
     doi       = "10.1103/PhysRevD.68.014008",
     SLACcitation  = "%%CITATION = HEP-PH/0302184;%%"
}

@Article{Baier:2000sb,
     author    = "Baier, R. and Mueller, Alfred H. and Schiff, D. and Son, D.
                  T.",
     title     = "'Bottom-up' thermalization in heavy ion collisions",
     journal   = "Phys. Lett.",
     volume    = "B502",
     year      = "2001",
     pages     = "51-58",
     eprint    = "hep-ph/0009237",
     SLACcitation  = "%%CITATION = HEP-PH 0009237;%%"
}
@Article{Baier:2002bt,
     author    = "Baier, R. and Mueller, Alfred H. and Schiff, D. and Son, D.
                  T.",
     title     = "Does parton saturation at high density explain hadron
                  multiplicities at  RHIC?",
     journal   = "Phys. Lett.",
     volume    = "B539",
     year      = "2002",
     pages     = "46-52",
     eprint    = "hep-ph/0204211",
     SLACcitation  = "%%CITATION = HEP-PH/0204211;%%"
}

@Article{Arnold:2002zm,
     author    = "Arnold, Peter and Moore, Guy D. and Yaffe, Laurence G.",
     title     = "Effective kinetic theory for high temperature gauge
                  theories",
     journal   = "JHEP",
     volume    = "01",
     year      = "2003",
     pages     = "030",
     eprint    = "hep-ph/0209353",
     SLACcitation  = "%%CITATION = HEP-PH 0209353;%%"
}

@Article{Romatschke:2005ag,
     author    = "Romatschke, Paul and Venugopalan, Raju",
     title     = "Signals of a Weibel instability in the melting color glass
                  condensate",
     journal   = "Eur. Phys. J.",
     volume    = "A29",
     year      = "2006",
     pages     = "71-75",
     eprint    = "hep-ph/0510292",
     SLACcitation  = "%%CITATION = HEP-PH 0510292;%%"
}
@Article{Romatschke:2005pm,
     author    = "Romatschke, Paul and Venugopalan, Raju",
     title     = "Collective non-Abelian instabilities in a melting color
                  glass  condensate",
     journal   = "Phys. Rev. Lett.",
     volume    = "96",
     year      = "2006",
     pages     = "062302",
     eprint    = "hep-ph/0510121",
     SLACcitation  = "%%CITATION = HEP-PH 0510121;%%"
}
@Article{Romatschke:2006wg,
     author    = "Romatschke, Paul and Rebhan, Anton",
     title     = "Plasma instabilities in an anisotropically expanding
                  geometry",
     journal   = "Phys. Rev. Lett.",
     volume    = "97",
     year      = "2006",
     pages     = "252301",
     eprint    = "hep-ph/0605064",
     SLACcitation  = "%%CITATION = HEP-PH/0605064;%%"
}
@Article{Rebhan:2004ur,
     author    = "Rebhan, Anton and Romatschke, Paul and Strickland, Michael
                  ",
     title     = "Hard-loop dynamics of non-Abelian plasma instabilities",
     journal   = "Phys. Rev. Lett.",
     volume    = "94",
     year      = "2005",
     pages     = "102303",
     eprint    = "hep-ph/0412016",
     SLACcitation  = "%%CITATION = HEP-PH 0412016;%%"
}
@Article{Arnold:2004ti,
     author    = "Arnold, Peter and Lenaghan, Jonathan and Moore, Guy D. and
                  Yaffe, Laurence G.",
     title     = "Apparent thermalization due to plasma instabilities in
                  quark gluon  plasma",
     journal   = "Phys. Rev. Lett.",
     volume    = "94",
     year      = "2005",
     pages     = "072302",
     eprint    = "nucl-th/0409068",
     SLACcitation  = "%%CITATION = NUCL-TH 0409068;%%"
}
@Article{Arnold:2004ih,
     author    = "Arnold, Peter and Lenaghan, Jonathan",
     title     = "The abelianization of QCD plasma instabilities",
     journal   = "Phys. Rev.",
     volume    = "D70",
     year      = "2004",
     pages     = "114007",
     eprint    = "hep-ph/0408052",
     SLACcitation  = "%%CITATION = HEP-PH 0408052;%%"
}
@Article{Kato:2005wv,
     author    = "Kato, Tsunehiko N.",
     title     = "Saturation mechanism of the Weibel instability in weakly
                  magnetized plasmas",
     journal   = "Phys. Plasmas",
     volume    = "12",
     year      = "2005",
     pages     = "080705",
     eprint    = "physics/0501110",
     SLACcitation  = "%%CITATION = PHYSICS 0501110;%%"
}
@Article{Dumitru:2005gp,
     author    = "Dumitru, Adrian and Nara, Yasushi",
     title     = "QCD plasma instabilities and isotropization",
     journal   = "Phys. Lett.",
     volume    = "B621",
     year      = "2005",
     pages     = "89",
     eprint    = "hep-ph/0503121",
     SLACcitation  = "%%CITATION = HEP-PH 0503121;%%"
}
@Article{Stoecker:2007su,
     author    = "Stoecker, Horst and Betz, Barbara and Rau, Philip",
     title     = "Hydrodynamic flow and jet induced mach shocks at RHIC and
                  LHC",
     journal   = "PoS",
     volume    = "CPOD2006",
     year      = "2006",
     pages     = "029",
     eprint    = "nucl-th/0703054",
     SLACcitation  = "%%CITATION = NUCL-TH/0703054;%%"
}
@Article{Baeuchle:2007qw,
     author    = "Baeuchle, Bjoern and Csernai, Laszlo P. and Stoecker, Horst
                  ",
     title     = "MACE -- Mach cones in heavy ion collisions",
     year      = "2007",
     eprint    = "arXiv:0710.1476",
     SLACcitation  = "%%CITATION = ARXIV:0710.1476;%%"
}
@Article{Baumgardt:1975qv,
     author    = "Baumgardt, H. G. and others",
     title     = "Shock Waves and MACH Cones in Fast Nucleus-Nucleus
                  Collisions",
     journal   = "Z. Phys.",
     volume    = "A273",
     year      = "1975",
     pages     = "359-371",
     SLACcitation  = "%%CITATION = ZEPYA,A273,359;%%"
}
@Article{Adler:2005ee,
     author    = "Adler, Stephen Scott and others",
 collaboration = "PHENIX",
     title     = "Modifications to di-jet hadron pair correlations in Au + Au
                  collisions  at s(NN)**(1/2) = 200-GeV",
     journal   = "Phys. Rev. Lett.",
     volume    = "97",
     year      = "2006",
     pages     = "052301",
     eprint    = "nucl-ex/0507004",
     SLACcitation  = "%%CITATION = NUCL-EX/0507004;%%"
}
@Article{Adler:2002tq,
     author    = "Adler, C. and others",
 collaboration = "STAR",
     title     = "Disappearance of back-to-back high p(T) hadron correlations
                  in central Au + Au collisions at s(NN)**(1/2) = 200-GeV",
     journal   = "Phys. Rev. Lett.",
     volume    = "90",
     year      = "2003",
     pages     = "082302",
     eprint    = "nucl-ex/0210033",
     SLACcitation  = "%%CITATION = NUCL-EX/0210033;%%"
}
@Article{Arnold:2005vb,
     author    = "Arnold, Peter and Moore, Guy D. and Yaffe, Laurence G.",
     title     = "The fate of non-abelian plasma instabilities in 3+1
                  dimensions",
     journal   = "Phys. Rev.",
     volume    = "D72",
     year      = "2005",
     pages     = "054003",
     eprint    = "hep-ph/0505212",
     SLACcitation  = "%%CITATION = HEP-PH 0505212;%%"
}

@Article{Thoma:1993vs,
     author    = "Thoma, M. H.",
     title     = "Parton interaction rates in the quark - gluon plasma",
     journal   = "Phys. Rev.",
     volume    = "D49",
     year      = "1994",
     pages     = "451-459",
     eprint    = "hep-ph/9308257",
     SLACcitation  = "%%CITATION = HEP-PH 9308257;%%"
}

@Article{Braaten:1991we,
     author    = "Braaten, Eric and Thoma, Markus H.",
     title     = "Energy loss of a heavy quark in the quark - gluon plasma",
     journal   = "Phys. Rev.",
     volume    = "D44",
     year      = "1991",
     pages     = "2625-2630",
     SLACcitation  = "%%CITATION = PHRVA,D44,2625;%%"
}

@Article{Romatschke:2003vc,
     author    = "Romatschke, Paul and Strickland, Michael",
     title     = "Energy loss of a heavy fermion in an anisotropic QED
                  plasma",
     journal   = "Phys. Rev.",
     volume    = "D69",
     year      = "2004",
     pages     = "065005",
     eprint    = "hep-ph/0309093",
     SLACcitation  = "%%CITATION = HEP-PH 0309093;%%"
}

@Article{Romatschke:2004au,
     author    = "Romatschke, Paul and Strickland, Michael",
     title     = "Collisional energy loss of a heavy quark in an anisotropic
                  quark-gluon  plasma",
     journal   = "Phys. Rev.",
     volume    = "D71",
     year      = "2005",
     pages     = "125008",
     eprint    = "hep-ph/0408275",
     SLACcitation  = "%%CITATION = HEP-PH 0408275;%%"
}
@Article{Braaten:1989mz,
     author    = "Braaten, Eric and Pisarski, Robert D.",
     title     = "SOFT AMPLITUDES IN HOT GAUGE THEORIES: A GENERAL ANALYSIS",
     journal   = "Nucl. Phys.",
     volume    = "B337",
     year      = "1990",
     pages     = "569",
     SLACcitation  = "%%CITATION = NUPHA,B337,569;%%"
}
@Article{Arnold:1998cy,
     author    = "Arnold, Peter and Son, Dam T. and Yaffe, Laurence G.",
     title     = "Hot B violation, color conductivity, and log(1/alpha)
                  effects",
     journal   = "Phys. Rev.",
     volume    = "D59",
     year      = "1999",
     pages     = "105020",
     eprint    = "hep-ph/9810216",
     SLACcitation  = "%%CITATION = HEP-PH 9810216;%%"
}
@Article{Braaten:1991dd,
     author    = "Braaten, Eric and Yuan, Tzu Chiang",
     title     = "Calculation of screening in a hot plasma",
     journal   = "Phys. Rev. Lett.",
     volume    = "66",
     year      = "1991",
     pages     = "2183-2186",
     SLACcitation  = "%%CITATION = PRLTA,66,2183;%%"
}
@Article{Turbide:2003si,
     author    = "Turbide, Simon and Rapp, Ralf and Gale, Charles",
     title     = "Hadronic production of thermal photons",
     journal   = "Phys. Rev.",
     volume    = "C69",
     year      = "2004",
     pages     = "014903",
     eprint    = "hep-ph/0308085",
     SLACcitation  = "%%CITATION = HEP-PH/0308085;%%"
}
@Article{Turbide:2005fk,
     author    = "Turbide, Simon and Gale, Charles and Jeon, Sangyong and
                  Moore, Guy D.",
     title     = "Energy loss of leading hadrons and direct photon production
                  in evolving  quark-gluon plasma",
     journal   = "Phys. Rev.",
     volume    = "C72",
     year      = "2005",
     pages     = "014906",
     eprint    = "hep-ph/0502248",
     SLACcitation  = "%%CITATION = HEP-PH/0502248;%%"
}
@Article{Wolf:1997ib,
     author    = "Wolf, Gyuri and Friman, Bengt and Soyeur, Madeleine",
     title     = "In-medium omega meson broadening and S-wave pion
                  annihilation into  e+ e- pairs",
     journal   = "Nucl. Phys.",
     volume    = "A640",
     year      = "1998",
     pages     = "129-143",
     eprint    = "nucl-th/9707055",
     SLACcitation  = "%%CITATION = NUCL-TH 9707055;%%"
}

@Article{Roy:1999mk,
     author    = "Roy, P. and Sarkar, S. and Alam, J. and Dutta-Roy, B.
                  and Sinha, B.",
     title     = "Omega meson as a chronometer and thermometer in hot and
                  dense hadronic  matter",
     journal   = "Phys. Rev.",
     volume    = "C59",
     year      = "1999",
     pages     = "2778-2781",
     SLACcitation  = "%%CITATION = PHRVA,C59,2778;%%"
}
@Article{Wicks:2007zz,
     author    = "Wicks, Simon and Gyulassy, Miklos",
     title     = "{Aspects of jet energy loss at RHIC and LHC}",
     journal   = "J. Phys.",
     volume    = "G34",
     year      = "2007",
     pages     = "S989-S993",
     eprint    = "nucl-th/0701088",
     archivePrefix = "arXiv",
     doi       = "10.1088/0954-3899/34/8/S141",
     SLACcitation  = "%%CITATION = NUCL-TH/0701088;%%"
}

@Article{Baier:1996kr,
     author    = "Baier, R. and Dokshitzer, Yuri L. and Mueller, Alfred H.
                  and Peigne, S. and Schiff, D.",
     title     = "{Radiative energy loss of high energy quarks and gluons in
                  a  finite-volume quark-gluon plasma}",
     journal   = "Nucl. Phys.",
     volume    = "B483",
     year      = "1997",
     pages     = "291-320",
     eprint    = "hep-ph/9607355",
     archivePrefix = "arXiv",
     doi       = "10.1016/S0550-3213(96)00553-6",
     SLACcitation  = "%%CITATION = HEP-PH/9607355;%%"
}
@Article{Vitev:2002pf,
     author    = "Vitev, Ivan and Gyulassy, Miklos",
     title     = "{High-p(T) tomography of d + Au and Au + Au at SPS, RHIC,
                  and LHC}",
     journal   = "Phys. Rev. Lett.",
     volume    = "89",
     year      = "2002",
     pages     = "252301",
     eprint    = "hep-ph/0209161",
     SLACcitation  = "%%CITATION = HEP-PH/0209161;%%"
}
@Article{Zhang:2007ja,
     author    = "Zhang, Hanzhong and Owens, J. F. and Wang, Enke and Wang,
                  Xin-Nian",
     title     = "{Dihadron Tomography of High-Energy Nuclear Collisions in
                  NLO pQCD}",
     journal   = "Phys. Rev. Lett.",
     volume    = "98",
     year      = "2007",
     pages     = "212301",
     eprint    = "nucl-th/0701045",
     archivePrefix = "arXiv",
     doi       = "10.1103/PhysRevLett.98.212301",
     SLACcitation  = "%%CITATION = NUCL-TH/0701045;%%"
}
@Article{Kovner:2003zj,
     author    = "Kovner, Alexander and Wiedemann, Urs Achim",
     title     = "{Gluon radiation and parton energy loss}",
     year      = "2003",
     journal   = "Review for Quark Gluon Plasma 3, Editors: R.C. Hwa and X.N. Wang, World Scientific, Singapore, 192",
     eprint    = "hep-ph/0304151",
     archivePrefix = "arXiv",
     SLACcitation  = "%%CITATION = HEP-PH/0304151;%%"
}

@Article{Schneider:2001zt,
     author    = "Schneider, R. A. and Weise, W.",
     title     = "The omega meson at high temperatures",
     journal   = "Phys. Lett.",
     volume    = "B515",
     year      = "2001",
     pages     = "89-93",
     eprint    = "hep-ph/0102189",
     SLACcitation  = "%%CITATION = HEP-PH 0102189;%%"
}

@Article{Saito:1998wd,
     author    = "Saito, K. and Tsushima, K. and Thomas, Anthony W. and
                  Williams, Anthony G.",
     title     = "Sigma and omega meson propagation in a dense nuclear
                  medium",
     journal   = "Phys. Lett.",
     volume    = "B433",
     year      = "1998",
     pages     = "243-249",
     eprint    = "nucl-th/9804015",
     SLACcitation  = "%%CITATION = NUCL-TH 9804015;%%"
}

@Article{Djordjevic:2006tw,
     author    = "Djordjevic, Magdalena",
     title     = "{Collisional energy loss in a finite size QCD matter}",
     journal   = "Phys. Rev.",
     volume    = "C74",
     year      = "2006",
     pages     = "064907",
     eprint    = "nucl-th/0603066",
     archivePrefix = "arXiv",
     doi       = "10.1103/PhysRevC.74.064907",
     SLACcitation  = "%%CITATION = NUCL-TH/0603066;%%"
}
@Article{Thomas:1991ea,
     author    = "Thoma, Markus H.",
     title     = "{Collisional energy loss of high-energy jets in the quark
                  gluon plasma}",
     journal   = "Phys. Lett.",
     volume    = "B273",
     year      = "1991",
     pages     = "128-132",
     doi       = "10.1016/0370-2693(91)90565-8",
     SLACcitation  = "%%CITATION = PHLTA,B273,128;%%"
}
@Article{Majumder:2004pt,
     author    = "Majumder, A. and Wang, Enke and Wang, Xin-Nian",
     title     = "{Modified dihadron fragmentation functions in hot and
                  nuclear matter}",
     journal   = "Phys. Rev. Lett.",
     volume    = "99",
     year      = "2007",
     pages     = "152301",
     eprint    = "nucl-th/0412061",
     archivePrefix = "arXiv",
     doi       = "10.1103/PhysRevLett.99.152301",
     SLACcitation  = "%%CITATION = NUCL-TH/0412061;%%"
}
@Article{Majumder:2008zg,
     author    = "Majumder, A.",
     title     = "{Elastic energy loss and longitudinal straggling of a hard
                  jet}",
     year      = "2008",
     eprint    = "arXiv:0810.4967",
     archivePrefix = "arXiv",
     primaryClass  =  "nucl-th",
     SLACcitation  = "%%CITATION = 0810.4967;%%"
}
@Article{Peigne:2008nd,
     author    = "Peigne, Stephane and Peshier, Andre",
     title     = "{Collisional energy loss of a fast heavy quark in a quark-
                  gluon plasma}",
     journal   = "Phys. Rev.",
     volume    = "D77",
     year      = "2008",
     pages     = "114017",
     eprint    = "0802.4364",
     archivePrefix = "arXiv",
     primaryClass  =  "hep-ph",
     doi       = "10.1103/PhysRevD.77.114017",
     SLACcitation  = "%%CITATION = 0802.4364;%%"
}

@Article{Peigne:2008ns,
     author    = "Peigne, Stephane",
     title     = "{Collisional Energy Loss of a Fast Parton in a QGP}",
     journal   = "AIP Conf. Proc.",
     volume    = "1038",
     year      = "2008",
     pages     = "139-148",
     eprint    = "0806.0242",
     archivePrefix = "arXiv",
     primaryClass  =  "hep-ph",
     doi       = "10.1063/1.2987166",
     SLACcitation  = "%%CITATION = 0806.0242;%%"
}
@Article{Peigne:2007sd,
     author    = "Peigne, Stephane and Peshier, Andre",
     title     = "{Collisional Energy Loss of a Fast Muon in a Hot QED
                  Plasma}",
     journal   = "Phys. Rev.",
     volume    = "D77",
     year      = "2008",
     pages     = "014015",
     eprint    = "0710.1266",
     archivePrefix = "arXiv",
     primaryClass  =  "hep-ph",
     doi       = "10.1103/PhysRevD.77.014015",
     SLACcitation  = "%%CITATION = 0710.1266;%%"
}

@Article{Wang:2006qr,
     author    = "Wang, Xin-Nian",
     title     = "{Interference effect in elastic parton energy loss in a
                  finite medium}",
     journal   = "Phys. Lett.",
     volume    = "B650",
     year      = "2007",
     pages     = "213-218",
     eprint    = "nucl-th/0604040",
     archivePrefix = "arXiv",
     doi       = "10.1016/j.physletb.2007.05.008",
     SLACcitation  = "%%CITATION = NUCL-TH/0604040;%%"
}

@Article{Braaten:1991jj,
     author    = "Braaten, Eric and Thoma, Markus H.",
     title     = "{Energy loss of a heavy fermion in a hot plasma}",
     journal   = "Phys. Rev.",
     volume    = "D44",
     year      = "1991",
     pages     = "1298-1310",
     doi       = "10.1103/PhysRevD.44.1298",
     SLACcitation  = "%%CITATION = PHRVA,D44,1298;%%"
}
@Article{Gyulassy:2004zy,
     author    = "Gyulassy, Miklos and McLerran, Larry",
     title     = "New forms of QCD matter discovered at RHIC",
     journal   = "Nucl. Phys.",
     volume    = "A750",
     year      = "2005",
     pages     = "30-63",
     eprint    = "nucl-th/0405013",
     SLACcitation  = "%%CITATION = NUCL-TH 0405013;%%"
}
@Article{Gyulassy:2004vg,
     author    = "Gyulassy, Miklos",
     title     = "The QGP discovered at RHIC",
     year      = "2004",
     eprint    = "nucl-th/0403032",
     SLACcitation  = "%%CITATION = NUCL-TH 0403032;%%"
}
@Article{Arnold:2003rq,
     author    = "Arnold, Peter and Lenaghan, Jonathan and Moore, Guy D.",
     title     = "QCD plasma instabilities and bottom-up thermalization",
     journal   = "JHEP",
     volume    = "08",
     year      = "2003",
     pages     = "002",
     eprint    = "hep-ph/0307325",
     SLACcitation  = "%%CITATION = HEP-PH 0307325;%%"
}
@Article{Romatschke:2003yc,
     author    = "Romatschke, Paul",
     title     = "Quasiparticle description of the hot and dense quark gluon
                  plasma",
     year      = "2003",
     eprint    = "hep-ph/0312152",
     SLACcitation  = "%%CITATION = HEP-PH 0312152;%%"
}
@Article{Chou:1984es,
     author    = "Chou, Kuang-chao and Su, Zhao-bin and Hao, Bai-lin and Yu,
                  Lu",
     title     = "EQUILIBRIUM AND NONEQUILIBRIUM FORMALISMS MADE UNIFIED",
     journal   = "Phys. Rept.",
     volume    = "118",
     year      = "1985",
     pages     = "1",
     SLACcitation  = "%%CITATION = PRPLC,118,1;%%"
}
@Article{Mrowczynski:1992hq,
     author    = "Mrowczynski, Stanislaw and Heinz, Ulrich W.",
     title     = "Towards a relativistic transport theory of nuclear matter",
     journal   = "Ann. Phys.",
     volume    = "229",
     year      = "1994",
     pages     = "1-54",
     SLACcitation  = "%%CITATION = APNYA,229,1;%%"
}
@Article{Greiner:1998vd,
     author    = "Greiner, Carsten and Leupold, Stefan",
     title     = "Stochastic interpretation of Kadanoff-Baym equations and
                  their relation  to Langevin processes",
     journal   = "Annals Phys.",
     volume    = "270",
     year      = "1998",
     pages     = "328-390",
     eprint    = "hep-ph/9802312",
     SLACcitation  = "%%CITATION = HEP-PH 9802312;%%"
}
@Article{Calzetta:1986cq,
     author    = "Calzetta, E. and Hu, B. L.",
     title     = "NONEQUILIBRIUM QUANTUM FIELDS: CLOSED TIME PATH EFFECTIVE
                  ACTION, WIGNER FUNCTION AND BOLTZMANN EQUATION",
     journal   = "Phys. Rev.",
     volume    = "D37",
     year      = "1988",
     pages     = "2878",
     SLACcitation  = "%%CITATION = PHRVA,D37,2878;%%"
}
@Article{Baier:1997xc,
     author    = "Baier, R. and Dirks, M. and Redlich, K. and Schiff, D.",
     title     = "Thermal photon production rate from non-equilibrium quantum
                  field  theory",
     journal   = "Phys. Rev.",
     volume    = "D56",
     year      = "1997",
     pages     = "2548-2554",
     eprint    = "hep-ph/9704262",
     SLACcitation  = "%%CITATION = HEP-PH 9704262;%%"
}

@Article{Nonaka:2006yn,
     author    = "Nonaka, Chiho and Bass, Steffen A.",
     title     = "{Space-time evolution of bulk QCD matter}",
     journal   = "Phys. Rev.",
     volume    = "C75",
     year      = 2007,
     pages     = 014902,
     eprint    = "nucl-th/0607018",
     archivePrefix = "arXiv",
     doi       = "10.1103/PhysRevC.75.014902",
     SLACcitation  = "%%CITATION = NUCL-TH/0607018;%%"
}
